<?xml version="1.0" encoding="UTF-8"?><collection xmlns="http://www.loc.gov/MARC21/slim"><record><leader>00319nam--2200109-i-4500</leader><controlfield tag="001">000019100</controlfield><controlfield tag="002">20161230</controlfield><controlfield tag="005">20161230201033</controlfield><controlfield tag="008">060222s1000------------r-----000-0-eng-d</controlfield><datafield ind1=" " ind2=" " tag="245"><subfield code="a">Dms.documentation of molecular spectroscopy. -formula list i-x covering issues 1-40 of spectral cards</subfield></datafield><datafield ind1=" " ind2=" " tag="490"><subfield code="a">Dms</subfield></datafield><datafield ind1=" " ind2=" " tag="852"><subfield code="a">543.4:535.338.4</subfield></datafield></record></collection>